<?xml version="1.0" encoding="UTF-8"?><collection xmlns="http://www.loc.gov/MARC21/slim"><record><leader>00557nam--2200193-i-4500</leader><controlfield tag="001">000014529</controlfield><controlfield tag="002">20161230</controlfield><controlfield tag="005">20161230201030</controlfield><controlfield tag="008">060222s1000------------r-----000-0-eng-d</controlfield><datafield ind1=" " ind2=" " tag="020"><subfield code="a">0123049040</subfield></datafield><datafield ind1=" " ind2=" " tag="040"><subfield code="a">IFIN-HH</subfield></datafield><datafield ind1=" " ind2=" " tag="080"><subfield code="a">535.232.65</subfield></datafield><datafield ind1="1" ind2=" " tag="100"><subfield code="a">Budde, W</subfield></datafield><datafield ind1="1" ind2="0" tag="245"><subfield code="a">Optical radiation measurements</subfield><subfield code="b">Volume 4. physical detectors of optical radiation</subfield><subfield code="c">W. budde</subfield></datafield><datafield ind1=" " ind2=" " tag="260"><subfield code="a">TORONTO</subfield><subfield code="b">Academic Press</subfield><subfield code="c">1983</subfield></datafield><datafield ind1=" " ind2=" " tag="300"><subfield code="a">XI + 336 P</subfield></datafield><datafield ind1=" " ind2=" " tag="490"><subfield code="a">Optical Radiation Measurements. A Treatise</subfield></datafield><datafield ind1=" " ind2=" " tag="852"><subfield code="a">47444</subfield><subfield code="c">535</subfield></datafield><datafield ind1=" " ind2=" " tag="CAT"><subfield code="a">Sys</subfield><subfield code="c">20101123</subfield><subfield code="h">135440</subfield></datafield></record></collection>